@online{v701,
  title = {Reichweite von Alpha-Strahlung},
  urldate = "2018-05-28",
  url ="http://129.217.224.2/HOMEPAGE/PHYSIKER/BACHELOR/AP/SKRIPT/Alpha.pdf"
}
